@book{test,
  title={LaTeX: a document preparation system},
  author={Test, Test},
  year={2018},
  publisher={ITAM}
}
